2467 4150
230 307 299 384 105
398 277 862 364 SU‘PRLICES.
918 285 1021 364 868..

220 387 363 519 ingluvie
381 435 535 500 virtutem
547 427 673 518 plustost·
684 429 755 513 effe,
771 431 824 500 sed
840 435 1012 502 mediocria
1122 505 1127 512 ,

218 547 498 642 Sufficeredicebat
506 575 916 664 seratqueverusamicussst
925 575 1136 664 pudentibus

222 717 371 793 Amicus,
385 733 419 781 et
433 714 620 792 absentibus,
634 735 771 800 quorum
788 739 852 782 uon
862 719 902 802 est
914 739 1050 804 magnus

219 859 382 928 Numerus
400 879 504 956 mores
521 877 586 922 oon
603 853 717 936 fucati,
730 873 762 922 et
777 877 870 924 tome
884 877 933 936 os,
998 864 1014 882 ⁸

218 945 543 1086 iduliumpromiffum
551 995 1126 1084 irritumbabensmequeergasetvoe,

219 1141 335 1226 Neque
351 1160 426 1224 erga
443 1141 535 1204 cives.
561 1139 742 1204 Secundum
759 1159 839 1204 vero
854 1139 926 1204 dico

225 1279 396 1357 Eteocleos,
414 1280 508 1344 alium
520 1281 576 1363 qui
591 1278 759 1344 bonitatem
777 1279 896 1356 coluit3

225 1423 355 1506 Juvenis
372 1435 449 1498 erat,
468 1440 583 1506 pauper
600 1420 729 1504 quidem
744 1421 897 1500 fortunis,

93 1569 96 1583 '
218 1561 375 1630 Plurimos
387 1583 461 1628 vero
477 1561 608 1626 honores
625 1563 735 1628 habuit
749 1562 782 1627 in
800 1561 928 1650 Argivo
942 1572 1027 1648 agro.

221 1704 338 1770 Amicis
352 1723 428 1768 vero
447 1724 558 1770 nurum
570 1701 626 1792 ipſs
640 1701 727 1792 saepe
743 1703 833 1769 dono
849 1701 1071 1782 offerentibus,

79 1873 102 1918 ν,
152 1839 153 1842 ’
219 1843 294 1909 Non
308 1847 420 1929 recepit
431 1847 463 1909 iu
482 1843 570 1910 aedes
584 1859 623 1910 ut
635 1863 739 1912 morea

219 1979 387 2049 Praeberet
404 1983 539 2066 serviles,
555 1985 659 2052 rictus
677 2007 695 2049 a
712 1965 870 2068 pecunias

43 2131 47 2147 “
190 2210 192 2215 ,
217 2121 369 2213 Ipsosque
381 2127 607 2213 delinquentes,
626 2146 691 2189 non
707 2121 957 2207 Rempublicaut,

220 2262 365 2329 Oderat:
385 2268 540 2351 quianon
551 2266 591 2349 est
608 2264 761 2350 culpanda
772 2262 892 2339 civitas,
998 2320 1003 2334 .

219 2402 305 2469 Male
323 2404 451 2473 audiens
461 2424 589 2495 propter
600 2408 840 2494 gubernatorem
857 2407 991 2470 malum.

219 2540 348 2609 Tertius
364 2564 442 2635 vero
460 2548 580 2611 horum
595 2544 833 2633 Hippomedon,
845 2545 916 2622 talis
932 2542 1017 2614 luite
1100 2588 1106 2597 -

219 2681 332 2749 Statim
349 2683 630 2771 apueroaususesi
645 2708 709 2754 non
725 2688 766 2753 ad
777 2690 969 2775 voluptatem
1098 2700 1103 2709 '

219 2822 386 2891 Musarum
404 2823 434 2891 se
451 2843 648 2909 convertere,
662 2830 747 2895 etad
764 2830 892 2895 mollem
906 2826 1028 2893 vitame

218 2960 283 3029 Sed
293 2965 436 3033 habitant
447 2968 528 3049 ruri,
538 2984 839 3058 exercensnaturam
856 2968 889 3031 in
906 2968 991 3033 duris
1096 2974 1105 2982 “

218 3104 325 3173 Erexit
336 3108 376 3175 sd
389 3054 489 3189 sortiti,
501 3122 539 3173 et
556 3108 595 3173 ad
611 3112 788 3174 venationes
802 3106 925 3183 vadens,

218 3241 257 3311 Et
269 3250 409 3337 gaudens
422 3248 519 3334 equis,
535 3268 567 3313 et
579 3248 706 3313 tendens
722 3268 833 3313 areum
846 3214 1002 3327 maitibus,

218 3382 421 3471 Reipublicae
439 3407 553 3475 corpus
570 3391 645 3455 utile
661 3389 813 3475 praebere
827 3388 945 3454 volens.

218 3525 308 3595 Alius
319 3547 404 3607 tero,
416 3526 499 3601 filius
515 3529 676 3597 venatricis
688 3526 859 3607 Atalantae,

1205 3298 1218 3338 ¹
