2467 4150
232 300 316 428 η’
375 319 842 402 aunuounnun
894 332 977 401 mn
1048 342 1051 349 ’

226 476 429 563 Estnliquod,
439 475 558 563 magni,
575 476 709 561 Scyrum
721 494 800 540 vcro
812 470 903 539 bullo
919 472 998 539 luco·
1011 475 1121 559 ponis,

226 612 267 679 Et
284 616 416 681 ostentas
426 617 550 685 divitias
562 620 648 683 inter
657 620 789 699 inopes-3
802 611 962 678 Menelw
973 632 1050 689 Vim
1067 612 1123 679 tibi
1150 586 1184 659 ,⁷

225 754 339 837 Major
354 758 399 821 est
412 756 555 825 Achille:
572 775 700 845 propter
717 757 792 820 haec
809 750 955 839 profecto
971 752 1037 817 odit
1053 765 1084 817 te

224 884 375 964 Maritus.
386 896 522 981 Oportet
536 902 619 965 enim
629 899 803 975 mulierem,
814 894 906 959 eriam
917 891 941 955 fi
957 892 1041 955 malo
1051 892 1123 959 vien

224 1032 310 1107 Data
327 1036 376 1115 lit,
391 1037 468 1103 boni
479 1038 653 1116 consulere,
664 1055 696 1103 ct
710 1059 776 1103 non
792 1035 951 1101 deceutare
964 1056 1030 1101 cum
1043 1056 1074 1099 eo
1087 1033 1125 1100 de

224 1166 329 1239 Fastu.
345 1174 380 1241 Si
398 1198 473 1242 veno
485 1179 517 1241 in
534 1176 668 1243 Thracia
683 1140 869 1241 circumfusa·
883 1172 954 1237 uiue
967 1174 1098 1239 haberet

224 1312 381 1380 Maritum
392 1337 508 1403 regem,
519 1319 576 1383 ubi
593 1338 649 1404 per
667 1322 748 1382 tices
765 1319 883 1381 lectum
901 1314 955 1377 dat
969 1317 1073 1381 multis

225 1455 410 1527 Mulierilus
422 1480 509 1523 unus
524 1462 573 1524 vir
584 1460 830 1533 communicans,
849 1476 888 1519 an
902 1456 1057 1521 occideres
1111 1542 1114 1547 Ι

143 1636 149 1645 ·
223 1592 302 1661 ruas
316 1598 329 1659 l
341 1592 446 1681 Atstc
461 1596 662 1663 insatiabilem
678 1596 871 1682 cupiditatem
888 1598 1072 1661 concubitus

224 1732 382 1819 Omnibus
394 1738 575 1804 mutieribus
592 1728 766 1822 impingent
779 1730 1062 1819 deprehendereris.

220 1872 333 1960 'l'urpe
345 1893 430 1942 certe
445 1878 518 1944 hoc:
533 1898 716 1962 quanquam
732 1878 865 1967 graviori
881 1874 953 1939 viria
969 1877 1087 1941 morbo

222 2012 297 2080 Hoc
312 2014 496 2095 laboramus,
513 2017 564 2084 sed
577 2020 708 2104 pulchre
721 2038 791 2082 eum
807 2015 1060 2089 administramus.

223 2153 257 2216 Ο
272 2153 446 2221 chariffime
460 2159 593 2238 Hector,
608 2158 661 2222 sed
677 2179 736 2244 ego
752 2173 805 2224 tua
822 2155 916 2222 causa
1053 2199 1055 2206 ·

223 2289 501 2361 Amabamteeum
516 2297 639 2380 easdem,
657 2296 680 2362 fi
696 2297 772 2382 quid
791 2315 821 2362 tc
833 2298 953 2364 seduxit
967 2297 1101 2370 Vcnutt

221 2431 398 2514 Etiamjam
417 2431 503 2520 saepe
516 2439 610 2502 ubera
622 2441 685 2502 tuis
701 2437 811 2522 spuriis

1226 2437 1227 2486 l

221 2571 368 2648 Praebui,
380 2589 419 2638 ut
433 2575 490 2638 tibi
504 2577 581 2642 nihil
597 2579 707 2642 darem
724 2578 846 2652 acerbi:
863 2576 981 2648 ethaeo

221 2712 363 2787 Facient,
381 2719 495 2780 virtute
509 2717 582 2782 nribr'
597 2718 800 2786 conciliabam
816 2719 964 2782 maritum
978 2741 987 2779 r
1007 2729 1046 2789 tu

221 2849 316 2928 Vero
333 2873 433 2938 neque
444 2859 596 2942 guttulam
612 2859 747 2928 aetherei
762 2859 844 2924 roric

221 2993 295 3058 Tuo
307 2969 377 3063 viro
392 2999 520 3065 allidere
534 2998 605 3064 sinis
619 3015 773 3064 metuens.
799 2997 848 3064 Ne
865 3013 993 3066 matrem
1009 3010 1100 3063 tuam

224 3135 515 3215 Amore-virorum,
529 3160 551 3204 ο
569 3139 693 3218 mulier,
727 3138 847 3204 studeas
859 3137 1010 3224 superare.

218 3275 465 3349 Nammalarutn
476 3294 614 3344 matrum
626 3299 728 3342 mores
738 3293 862 3363 oportet
874 3275 1119 3369 fugereliberor,
1226 3349 1227 3354 γ

221 3415 348 3506 Qibus
365 3417 443 3484 inest
460 3439 563 3484 mens.
579 3418 619 3484 C.
638 3413 788 3496 Domina,
801 3421 1023 3503 quantumtibi

223 3555 320 3621 Adest
331 3553 471 3631 facultas.
483 3571 604 3624 tantum
618 3579 690 3643 pare
705 3557 786 3638 mibi,
800 3575 834 3632 ut
852 3579 926 3626 cum
946 3560 1001 3634 hac
1094 3582 1101 3592 ·
