2467 4150
239 388 285 462 29
355 362 840 465 'ANDROMACHE
897 393 979 469 559.
1056 396 1060 407 ¹

234 514 332 583 Nobis
345 512 520 580 absentibus
534 526 567 581 et
581 514 709 582 domino
726 532 795 583 tuo.

236 656 280 720 A.
294 653 359 735 ilii,
373 676 395 719 ο
406 652 511 735 senex,
522 675 598 719 cum
612 654 680 721 filio
694 660 877 725 morituram

196 805 200 817 ’
233 794 343 880 Meiic
354 796 475 872 dicunt,
487 806 523 859 ut
535 794 642 859 uides:
660 794 737 879 quid
750 798 804 863 tibi
821 798 922 865 dicam
936 802 949 864 i

233 936 316 1006 Nam
332 957 396 1001 nou
409 937 501 1000 unius
516 936 690 1001 vocationis
708 938 809 1003 studio
826 954 857 1003 te

234 1078 402 1158 Acceriivi‚
418 1076 472 1141 sed
485 1100 538 1163 per
555 1076 715 1144 sexcentos
729 1079 873 1142 nuncios.
899 1076 949 1143 Sis

220 1186 224 1193 Ι
235 1220 351 1283 Autem
359 1216 482 1283 fortasse
494 1213 808 1284 audienudiscordiam
819 1238 900 1301 quae
913 1220 1000 1283 estin
1013 1222 1125 1305 domo,

233 1359 315 1425 Cum
326 1359 419 1439 hujus
431 1358 509 1436 filia,
520 1373 652 1461 propter
669 1379 749 1445 quae
766 1360 858 1421 etiam
876 1378 936 1443 ego
955 1380 1062 1443 pereo.
1094 1446 1097 1459 y

232 1500 273 1567 Et
290 1520 374 1565 nunc
386 1520 435 1564 me
447 1498 485 1563 ab
497 1520 550 1563 ara
564 1499 724 1578 Thetidis,
735 1520 815 1585 quae
828 1501 1009 1584 generosum

231 1629 342 1707 Filium
355 1640 412 1705 tibi
429 1640 563 1723 peperit,
578 1660 674 1723 quam
691 1656 724 1705 tu
740 1642 951 1707 venerandam
968 1646 1061 1725 coiis,

232 1780 367 1847 Ducunt
379 1779 529 1858 avulsam,
546 1801 648 1864 neque
660 1783 727 1846 ullo
739 1781 810 1863 jure
929 1787 941 1821 ⁸

231 1925 426 2010 Judicantes,·
433 1940 533 2004 neque
547 1919 684 1985 absentes
698 1920 737 1985 ab
751 1902 878 1985 aedibus

231 2068 460 2150 Expectantes:
476 2060 528 2128 sed
545 2084 647 2127 meam
664 2059 859 2127 solitudinem

232 2207 367 2271 Scientes
379 2221 410 2270 et
426 2203 522 2284 hujus
538 2203 636 2288 pueri,
648 2195 752 2286 quem,
765 2203 878 2268 nullius
892 2202 965 2268 maii
976 2217 1123 2284 autorem,

231 2345 352 2410 Volunt
367 2343 511 2410 occidere
523 2363 595 2410 cum
611 2364 661 2408 me
671 2341 791 2410 misera.

230 2484 296 2551 sed
312 2481 440 2550 obsecro
453 2500 496 2562 te,
512 2507 535 2548 ο
549 2483 652 2576 (enez,
664 2482 703 2546 ad
715 2497 766 2546 tua

233 2626 349 2692 Genua
364 2625 487 2699 cadens,
505 2643 598 2688 manu
615 2625 696 2688 euim
713 2645 776 2690 non
794 2623 866 2688 licet
878 2621 954 2690 mihi

231 2736 395 2852 Attiugere
407 2782 495 2830 tuum
508 2763 714 2828 chariffimum
725 2779 877 2838 mentum,

231 2905 344 2971 Libera
355 2927 407 2972 me
417 2927 473 2990 per
485 2903 570 2967 Deos
581 2893 589 2964 ὲ
607 2903 736 2986 alioqui,
748 2903 924 2966 moriemur

229 3047 381 3130 Turpiter
391 3009 516 3129 ¹quidem
528 3043 627 3118 vobis,
641 3043 729 3106 nohis
742 3064 816 3106 vero
831 3042 967 3117 miserie,
980 3065 1002 3107 o
1015 3041 1120 3115 seua.

230 3189 268 3254 Ρ.
285 3187 388 3271 Jubeo
398 3204 457 3250 vos
468 3186 570 3249 laxare
583 3183 715 3256 vincula,
729 3183 905 3267 priusquam
921 3181 1034 3267 aliquis

230 3327 409 3411 Lacrymet,
421 3339 453 3389 et
470 3326 563 3407 hujus
580 3345 693 3389 manus
709 3324 848 3409 geminas
864 3323 1035 3388 dimittere.

230 3467 306 3532 ME.
323 3467 392 3552 Ego
403 3488 479 3531 vero
490 3465 576 3538 alius,
593 3478 625 3528 te
643 3485 707 3528 non
721 3459 860 3541 inferior,
877 3479 962 3540 veto,

232 3609 272 3668 Et
287 3606 318 3668 iu
329 3605 406 3672 hanc
414 3605 564 3670 mulierem
580 3605 677 3690 longe
694 3601 845 3683 majorem
863 3601 1046 3688 potestatem
