2467 4150
263 271 728 399 tnnnoitncnn.
772 320 865 416 ⁴627.
967 342 1013 419 32

114 472 216 540 Adeo
228 471 371 549 timuisti,
388 491 430 534 ne
447 491 514 534 uon
532 468 659 534 habetes
671 468 785 539 malam
796 466 976 553 conjugem.
1037 504 1041 513 =
1092 530 1107 573 ,Ι

114 612 219 697 Capta
234 628 343 677 autem
359 610 472 693 Troja,
489 631 562 675 nam
577 626 610 675 et
627 609 692 673 huc
711 624 762 671 tua
780 606 867 673 causa
884 610 1029 705 venian„

116 746 521 817 Noninterfecistiuxorem
530 749 687 815 redactam
696 748 727 813 in
736 764 824 815 tuam
832 748 1015 833 potestatemt
1053 834 1058 839 ¹
1137 730 1141 737 ’

120 891 186 957 Sed
202 893 373 977 postquam
390 893 497 955 vidisti
507 894 626 967 ubera,¹
636 888 756 969 abjecto
774 888 893 994 gladio,

118 1028 273 1095 Osculum
291 1034 447 1117 accepisti,
459 1032 585 1103 adulans
601 1052 705 1101 canem
722 1028 935 1113 proditricem,

118 1170 237 1235 Victus
254 1194 273 1235 a
288 1172 431 1253 libidine,
448 1196 470 1238 o
486 1172 672 1259 ignaviffime
690 1184 739 1232 tu.

120 1310 243 1375 Deinde
255 1311 412 1397 profectus
428 1315 462 1376 in
475 1314 564 1377 aedes
582 1331 720 1377 meorum
733 1308 918 1385 liberorum,

5 1448 12 1473 ¹
121 1448 318 1537 Diripisipfis
333 1450 521 1531 absentibus,
539 1468 569 1516 et
585 1451 748 1517 mulierem
762 1447 903 1513 miseram

64 1678 68 1683 Ι
121 1588 275 1655 Intetficis
292 1595 444 1676 turpiter,
465 1608 495 1656 et
512 1613 659 1677 puerum,
679 1592 731 1675 qui
749 1588 921 1674 plorantem
938 1600 968 1650 te

120 1724 161 1793 Et
175 1745 262 1794 tuam
279 1727 375 1820 filiam
392 1734 426 1797 in
447 1733 577 1797 aedibus
594 1730 699 1805 faciet,
761 1736 764 1744 '

120 1868 247 1933 Etiamli
264 1886 315 1935 ter
332 1870 456 1957 spurius
473 1870 590 1937 fuerit:
610 1868 698 1955 saepe
715 1890 790 1934 vero

125 2008 262 2074 Aridum
274 2001 492 2078 solummelius
500 2010 614 2088 evadit,
624 2030 719 2092 quam
734 2030 814 2094 quae
827 2005 945 2098 pinguis
952 2018 1018 2112 erat

122 2147 236 2228 Terra,
250 2167 282 2214 et
292 2153 379 2216 multi
391 2153 481 2217 nothi
489 2154 566 2243 fient
582 2151 806 2236 praestantiores
824 2149 981 2238 legitimit-
1018 2191 1021 2198 ,

123 2288 188 2354 Sed
203 2290 302 2355 abdue
318 2291 425 2367 filiani.
443 2291 559 2356 Melius
576 2289 806 2371 esthominibus

124 2427 298 2514 Paupereot
309 2432 439 2506 bonum,
450 2452 542 2514 qnam
556 2395 679 2494 malurn.
688 2442 718 2492 et
729 2430 857 2494 divitem
872 2449 1018 2516 generum
1103 2458 1104 2464 ¹

127 2571 311 2654 Arquitene,
325 2586 357 2635 et
372 2572 530 2636 amicum:
551 2587 586 2635 tu
603 2591 678 2634 vero
695 2591 727 2633 es
745 2569 833 2634 nihili
851 2569 959 2634 homo.

125 2711 165 2777 C.
183 2712 339 2797 Experto
350 2711 437 2776 initio
445 2710 622 2776 hominibus
637 2731 781 2795 magnam
792 2712 1019 2788 contentionem

126 2856 252 2941 Lingua
269 2854 405 2917 excitat:
422 2850 473 2917 sed
491 2850 553 2915 hoc
570 2852 739 2936 prudentes
756 2851 903 2916 homines
931 2888 933 2894 ·

127 2995 258 3058 Carent.
276 3014 317 3058 ne
333 2990 454 3075 litigent
469 3009 541 3054 cum
558 2994 673 3056 amicis.

126 3133 204 3204 ME.
222 3116 312 3224 Qid
330 3131 429 3214 igitur
447 3125 530 3193 dicas
543 3129 690 3216 sapientes
703 3127 761 3194 effe
775 3125 873 3206 senes,

6 3344 8 3367 ζ
127 3274 168 3338 Et
185 3273 266 3350 illos,
280 3273 337 3357 qui
353 3268 408 3334 viti
423 3270 495 3335 sunt
512 3269 677 3354 aliquando
696 3268 823 3335 Graecis
842 3263 970 3360 sapere?

126 3412 271 3504 Qando
288 3426 326 3476 tu
343 3412 475 3498 existens
488 3410 608 3486 Peleus,
621 3426 651 3473 et
664 3429 704 3476 ex
721 3407 835 3490 inclyto
851 3418 938 3488 patre
948 3403 1019 3470 Diis

131 3552 295 3618 Affinitate
308 3551 453 3634 junctus,
467 3551 527 3645 tibi
544 3549 674 3635 quidem
688 3545 743 3632 ipst
759 3547 857 3630 turpia
873 3544 959 3625 dicis,
